<?xml version="1.0" encoding="UTF-8"?><collection xmlns="http://www.loc.gov/MARC21/slim"><record><leader>00518nam--2200181-i-4500</leader><controlfield tag="001">000041107</controlfield><controlfield tag="002">20161230</controlfield><controlfield tag="005">20161230201043</controlfield><controlfield tag="008">060222s1000------------r-----000-0-eng-d</controlfield><datafield ind1=" " ind2=" " tag="040"><subfield code="a">IFIN-HH</subfield></datafield><datafield ind1=" " ind2=" " tag="080"><subfield code="a">539.1</subfield></datafield><datafield ind1="1" ind2=" " tag="100"><subfield code="a">Semat,Henry</subfield></datafield><datafield ind1=" " ind2=" " tag="245"><subfield code="a">Atomic age physics</subfield><subfield code="b">Everyman's easy guide to atomics and nucleonics</subfield><subfield code="c">Henry semat, harvey e. white</subfield></datafield><datafield ind1=" " ind2=" " tag="260"><subfield code="a">New York</subfield><subfield code="b">Rinehart &amp; Company, Inc</subfield><subfield code="c">1959</subfield></datafield><datafield ind1=" " ind2=" " tag="300"><subfield code="a">VII + 230 P</subfield></datafield><datafield ind1="1" ind2=" " tag="700"><subfield code="a">White, Harvey E</subfield></datafield><datafield ind1=" " ind2=" " tag="852"><subfield code="a">15822</subfield><subfield code="c">539</subfield></datafield><datafield ind1=" " ind2=" " tag="CAT"><subfield code="a">Sys</subfield><subfield code="c">20110926</subfield><subfield code="h">163624</subfield></datafield></record></collection>